<?xml version="1.0" encoding="UTF-8" ?><marc:collection xmlns:marc="http://www.loc.gov/MARC21/slim" xmlns:xsi="http://www.w3.org/2001/XMLSchema-instance" xsi:schemaLocation="http://www.loc.gov/MARC21/slim http://www.loc.gov/standards/marcxml/schema/MARC21slim.xsd">
<marc:record><marc:leader>03505cam a2200445Ii 4500</marc:leader>
<marc:controlfield tag="001">b13358091</marc:controlfield>
<marc:controlfield tag="003">UaCaAUL</marc:controlfield><marc:controlfield tag="005">20170927022523.0</marc:controlfield><marc:controlfield tag="008">880616s1949    ua c          001 0 ara d</marc:controlfield><marc:datafield tag="035" ind1=" " ind2=" "><marc:subfield code="a">(OCoLC)18100759</marc:subfield></marc:datafield><marc:datafield tag="040" ind1=" " ind2=" "><marc:subfield code="a">EYW</marc:subfield><marc:subfield code="b">eng</marc:subfield><marc:subfield code="e">rda</marc:subfield><marc:subfield code="c">EYW</marc:subfield><marc:subfield code="d">KUK</marc:subfield><marc:subfield code="d">OCLCQ</marc:subfield><marc:subfield code="d">LGG</marc:subfield><marc:subfield code="d">OCLCQ</marc:subfield><marc:subfield code="d">OCLCO</marc:subfield><marc:subfield code="d">OCLCA</marc:subfield><marc:subfield code="d">OCLCQ</marc:subfield><marc:subfield code="d">OCLCF</marc:subfield><marc:subfield code="d">OCLCO</marc:subfield><marc:subfield code="d">MEAUC</marc:subfield></marc:datafield><marc:datafield tag="043" ind1=" " ind2=" "><marc:subfield code="a">a-iq---</marc:subfield></marc:datafield><marc:datafield tag="049" ind1=" " ind2=" "><marc:subfield code="a">MAIN</marc:subfield></marc:datafield><marc:datafield tag="050" ind1=" " ind2="4"><marc:subfield code="a">DS51.B3</marc:subfield><marc:subfield code="b">I17 1949</marc:subfield></marc:datafield><marc:datafield tag="066" ind1=" " ind2=" "><marc:subfield code="c">(3</marc:subfield></marc:datafield><marc:datafield tag="090" ind1=" " ind2=" "><marc:subfield code="a">DS51.B3</marc:subfield><marc:subfield code="b">I172 1949</marc:subfield></marc:datafield><marc:datafield tag="100" ind1="1" ind2=" "><marc:subfield code="6">880-01</marc:subfield><marc:subfield code="a">Ibn Abī Ṭāhir Ṭayfūr, Aḥmad,</marc:subfield><marc:subfield code="d">819 or 820-893,</marc:subfield><marc:subfield code="e">author.</marc:subfield></marc:datafield><marc:datafield tag="245" ind1="1" ind2="0"><marc:subfield code="6">880-02</marc:subfield><marc:subfield code="a">Kitāb Baghdad /</marc:subfield><marc:subfield code="c">li-imām al-muʼarrikhīn wa-ḥujjatihim wa-ustādh al-bulaghāʼ wa-qudwatihim, awwal man katab Tārīkh Madīnat al-Salām Abī al-Faḍl Aḥmad ibn Ṭāhir al-Kātib al-maʻrūf bi-Ibn Ṭayghūr al-mutawaffá sanat 280 H. ; ʻarrafa al-kitāb wa-tarjama lil-muʼallif wa-ṣaḥḥaḥahu al-ʻallāmah al-muḥaqqiq al-kabīr ṣāḥib al-faḍīlah al-ustādh al-shaykh Muḥammad Zāhid ibn al-Ḥasan al-Kawtharī, wakīl al-mashyakhah al-Islāmīyah fī al-khilāfah al-ʻUthmānīyah sābiqan ; ʻuniyá bi-nashrihi wa-rājaʻa aṣlihi wa-waqafa ʻalá ṭabʻihi al-Sayyid ʻIzzat al-ʻAṭṭār al-Ḥusaynī, muʼassis wa-mudīr Maktab Nashr al-Thaqāfah al-Islāmīyah min aqdam ʻuṣūrihā ilá al-ān.</marc:subfield></marc:datafield><marc:datafield tag="264" ind1=" " ind2="1"><marc:subfield code="6">880-03</marc:subfield><marc:subfield code="a">[Misr] :</marc:subfield><marc:subfield code="b">ʻIzzat al-ʻAṭṭār al-Ḥusaynī,</marc:subfield><marc:subfield code="c">1368 H. 1949 M.</marc:subfield></marc:datafield><marc:datafield tag="300" ind1=" " ind2=" "><marc:subfield code="a">239 pages :</marc:subfield><marc:subfield code="b">portrait ;</marc:subfield><marc:subfield code="c">26 cm.</marc:subfield></marc:datafield><marc:datafield tag="336" ind1=" " ind2=" "><marc:subfield code="a">text</marc:subfield><marc:subfield code="b">txt</marc:subfield><marc:subfield code="2">rdacontent.</marc:subfield></marc:datafield><marc:datafield tag="337" ind1=" " ind2=" "><marc:subfield code="a">unmediated</marc:subfield><marc:subfield code="b">n</marc:subfield><marc:subfield code="2">rdamedia.</marc:subfield></marc:datafield><marc:datafield tag="338" ind1=" " ind2=" "><marc:subfield code="a">volume</marc:subfield><marc:subfield code="b">nc</marc:subfield><marc:subfield code="2">rdacarrier.</marc:subfield></marc:datafield><marc:datafield tag="490" ind1="1" ind2=" "><marc:subfield code="6">880-04</marc:subfield><marc:subfield code="a">Kutub nādirah.</marc:subfield></marc:datafield><marc:datafield tag="500" ind1=" " ind2=" "><marc:subfield code="6">880-05</marc:subfield><marc:subfield code="a">al-Aṣl maʼkhūdh ʻan muṣawwar shamsī lil-nuskhah al-khaṭṭīyah al-maḥfūẓah fī al-Matḥaf al-Birīṭānī bi-Landan.</marc:subfield></marc:datafield><marc:datafield tag="500" ind1=" " ind2=" "><marc:subfield code="a">Includes indexes.</marc:subfield></marc:datafield><marc:datafield tag="651" ind1=" " ind2="0"><marc:subfield code="a">Baghdad (Iraq)</marc:subfield><marc:subfield code="x">History.</marc:subfield></marc:datafield><marc:datafield tag="700" ind1="1" ind2=" "><marc:subfield code="6">880-06</marc:subfield><marc:subfield code="a">Kawtharī, Muḥammad Zāhid ibn al-Ḥasan,</marc:subfield><marc:subfield code="e">author.</marc:subfield></marc:datafield><marc:datafield tag="830" ind1=" " ind2="0"><marc:subfield code="6">880-07</marc:subfield><marc:subfield code="a">Kutub nādirah.</marc:subfield></marc:datafield><marc:datafield tag="880" ind1="1" ind2=" "><marc:subfield code="6">100-01/(3/r</marc:subfield><marc:subfield code="a">ابن أبي طاهر طيفور، أحمد،‪</marc:subfield><marc:subfield code="d">819 أو 820-893.</marc:subfield></marc:datafield><marc:datafield tag="880" ind1="1" ind2="0"><marc:subfield code="6">245-02/(3/r</marc:subfield><marc:subfield code="a">كتاب بغداد /‪</marc:subfield><marc:subfield code="c">لإمام المؤرخين وحجتهم وأستاذ البلغاء وقدوتهم، أول من كتب تاريخ مدينة السلام أبي الفضل أحمد بن طاهر الكاتب المعروف بابن طاغور المتوفى سنة 280 هـ. ؛ عرف الكتاب وترجم للمؤلف وصححه العلامة المحقق الكبير صاحب الفضيلة الأستاذ الشيخ محمد زاهد بن الحسن الكوثري، وكيل المشيخة الإسلامية في الخلافة العثمانية سابقا ؛ عنى بنشره وراجع أصله ووقف على طبعه السيد عزت العطار الحسيني، مؤسس ومدير مكتب نشر الثقافة الإسلامية من أقدم عصورها إلى الآن..</marc:subfield></marc:datafield><marc:datafield tag="880" ind1=" " ind2="1"><marc:subfield code="6">264-03/(3/r</marc:subfield><marc:subfield code="a">[Misr] :</marc:subfield><marc:subfield code="b">عزت العطار الحسيني،‪</marc:subfield><marc:subfield code="c">1368 هـ. 1949 م..</marc:subfield></marc:datafield><marc:datafield tag="880" ind1="1" ind2=" "><marc:subfield code="6">490-04/(3/r</marc:subfield><marc:subfield code="a">كتب نادرة.</marc:subfield></marc:datafield><marc:datafield tag="880" ind1=" " ind2=" "><marc:subfield code="6">500-05/(3/r</marc:subfield><marc:subfield code="a">الأصل مأخوذ عن مصور شمسي للنسخة الخطية المحفوظة في المتحف البريطاني بلندن..</marc:subfield></marc:datafield><marc:datafield tag="880" ind1="1" ind2=" "><marc:subfield code="6">700-06/(3/r</marc:subfield><marc:subfield code="a">كوثري، محمد زاهد بن الحسن..</marc:subfield></marc:datafield><marc:datafield tag="880" ind1=" " ind2="0"><marc:subfield code="6">830-07/(3/r</marc:subfield><marc:subfield code="a">كتب نادرة..</marc:subfield></marc:datafield><marc:datafield tag="907" ind1=" " ind2=" "><marc:subfield code="a">.b13358091</marc:subfield><marc:subfield code="b">main </marc:subfield></marc:datafield><marc:datafield tag="902" ind1=" " ind2=" "><marc:subfield code="a">171025</marc:subfield></marc:datafield><marc:datafield tag="998" ind1=" " ind2=" "><marc:subfield code="b">1</marc:subfield><marc:subfield code="c">051204</marc:subfield><marc:subfield code="d">m</marc:subfield><marc:subfield code="e">a</marc:subfield><marc:subfield code="f">-</marc:subfield><marc:subfield code="g">0</marc:subfield><marc:subfield code="k">MAH</marc:subfield></marc:datafield><marc:datafield tag="945" ind1=" " ind2=" "><marc:subfield code="l">main </marc:subfield></marc:datafield></marc:record>
</marc:collection>
